% Encoding: UTF-8

@online{pdf:roboticScript,
	author = {Prof. Dr.-Ing. Heinrich Linemann},
	title = {Vorlesungsskript - Robotik},
	date = {2016},
	url = {https://prof.beuth-hochschule.de/fileadmin/user/linnemann/PDF-Dateien/Robotertechnik/Roboter_Technik_Vorlesung_Alles.pdf},
	language = {german},
	version = {16/17},
	note = {Accessed: 2017-02-08 19:28}
}

@BOOK{book:vr,
	AUTHOR = "Ph.D. Jerald, Jason",
	TITLE = "The VR Book",
	PUBLISHER = {ACM Books},
	ADDRESS = {San Rafael, CA},
	YEAR = 2016,
	EDITION = {1}}

@online{wikipedia-HoloLens,
	author = {Wikipedia},
	title = {Microsoft HoloLens Wikipedia Entry},
	url = {https://de.wikipedia.org/wiki/Microsoft_HoloLens.html},
	note = {[Accessed: 2016-12-14 11:25]}
}

@online{web:i40Def,
	Author = {BMWi, Hrsg.},
	Title = {Was ist Industrie 4.0? - Die vierte industrielle Revolution: Auf dem Weg zur intelligenten und flexiblen Produktion},
	Url = {http://www.plattform-i40.de/I40/Navigation/DE/Industrie40/WasIndustrie40/was-ist-industrie-40.html},
	note = {[Accessed: 06.12.2016 09:34]},
	Year = {2016}
}

@online{web:diercke,
	Author = {{Diercke, Topel / Seibel}},
	Title = {{Deutschland - Rohstoffabhängigkeit
	Erde - Welthandel}},
	Url = {\url{http://www.diercke.de/content/deutschland-rohstoffabh%C3%A4ngigkeit-978-3-14-100700-8-244-2-0}},
	Urldate = {01.11.2017},
	Year = {o. J.}
}

@book{gbv.55958769420080101,
	Author = {Diercke, Carl and Michael, Thomas and Gehring, Wiebke},
	ISBN = {9783141007008},
	Publisher = {Braunschweig Westermann},
	Series = { übergeordnete Quelle: gbv.559587341},
	Title = {Diercke - Weltatlas.},
	URL = {http://widgets.ebscohost.com/prod/customerspecific/s2872380/p.php?url=http%3a%2f%2fsearch.ebscohost.com%2flogin.aspx%3fdirect%3dtrue%26db%3dcat01851a%26AN%3dgbv.559587694%26lang%3dde%26site%3deds-live},
	Year = {2008},
	Page = {244},
	note = {[Accessed: 17.01.2017 11:08]}
}


@article{Krueger:1985:VAR:1165385.317463,
	author = {Krueger, Myron W. and Gionfriddo, Thomas and Hinrichsen, Katrin},
	title = {VIDEOPLACE: an Artificial Reality},
	journal = {SIGCHI Bull.},
	issue_date = {April 1985},
	volume = {16},
	number = {4},
	month = apr,
	year = {1985},
	issn = {0736-6906},
	pages = {35--40},
	numpages = {6},
	url = {http://doi.acm.org/10.1145/1165385.317463},
	doi = {10.1145/1165385.317463},
	acmid = {317463},
	publisher = {ACM},
	address = {New York, NY, USA},
}

@book{book:344388,
	title =     {Springer Handbook of Robotics},
	author =    {Bruno Siciliano, Oussama Khatib},
	publisher = {Springer},
	isbn =      {354023957X,9783540239574},
	year =      {2008},
	edition =   {1},
	url =       {http://gen.lib.rus.ec/book/index.php?md5=298BE16BD1989B480C846A4E2A97E42C}}

@book{book:166896,
	title =     {Robotics: state of the art and future challenges},
	author =    {George A. Bekey},
	publisher = {Imperial College Press ; Singapore ; Hackensack, NJ },
	isbn =      {1848160062},
	year =      {2008}
}

@online{web:fraunhoferIPA,
	author = {Fraunhofer IPA},
	title = {Urbane Produktion},
	url = {\URl{http://www.ipa.fraunhofer.de/urbane-produktion.html}}
}


@online{pratt1916weapon,
	Author = {Pratt, A.B.},
	Month = may # {~16},
	Note = {US Patent 1,183,492},
	Publisher = {Google Patents},
	Title = {Weapon.},
	Url = {http://www.google.com/patents/US1183492},
	Year = {1916},
	Bdsk-Url-1 = {http://www.google.com/patents/US1183492},
	note = {[Accessed: 2017-01-24 10:49]}
}

@online{web:rekimoto,
	Author = {Ph.D Rekimoto},
	Year = {1998},
	URL = {https://www.sonycsl.co.jp/person/rekimoto/papers/apchi98.pdf},
	note = {[Accessed: 2017-01-30 16:40]}
}

@online{web:demographic_transition,
	Title = {World Population Growth},
	Author = {Roser, Oritz-Ospina},
	Year = {2017},
	URL = {https://ourworldindata.org/world-population-growth/#fertility},
	note = {Accessed: 2017-02-01 12:48}
}

@online{web:wiki:AR,
	Title = {Augmented Reality},
	Author = {Wikipedia},
	Year = {2017},
	URL = {https://de.wikipedia.org/wiki/Erweiterte_Realit%C3%A4t},
	note = {Accessed: 2017-02-01 13:07}
}

@book{book:stereo_analyse,
	title =     {Stereoanalyse und Bildsynthese},
	author =    {Dr. Oliver Schreer (auth.)},
	publisher = {Springer-Verlag Berlin Heidelberg},
	isbn =      {978-3-540-27473-5},
	year =      {2005},
	edition =   {1}
}

@online{wiki:unity,
	author = {Wikipedia},
	title = {Unity (Spiele-Engine)},
	date = {14.02.2017},
	url = {https://de.wikipedia.org/wiki/Unity_(Spiel-Engine)},
	note = {[Accessed: 14.02.2017 14:35]}
}

@book{book:Usability_Problems,
	title =     {Rocket Surgery Made Easy: The Do-It-Yourself Guide to Finding and Fixing Usability Problems},
	author =    {Steve Krug},
	publisher = {New Riders Press},
	isbn =      {0321657292,9780321657299},
	year =      {2010},
	series =    {},
	edition =   {1},
	volume =    {},
}

@online{online:iRevolution,
	author = {Prof. Dr. Voigt},
	title = {Gabler Wirtschaftslexikon, Stichwort: industrielle Revolution},
	publisher = {Springer Gabler Verlag},
	date = {2016},
	url = {http://wirtschaftslexikon.gabler.de/Archiv/73533/industrielle-revolution-v4.html},
	note = {[Accessed: 06.01.2017 13:37]},
}

@online{online:i40,
	ALTauthor = {Dipl.-Ing. Jäger et alt},
	title = {Industrie 4.0 – Chancen und 
	Perspektiven für Unternehmen der 
	Metropolregion Rhein-Neckar},
	date = {2015},
	url = {http://www.ipa.fraunhofer.de/fileadmin/user_upload/Publikationen/Studien/Studientexte/Studie_Industrie_4.0_IHK_Fraunhofer_IPA.pdf},
	note = {[Accessed: 06.01.2017 15:43]}
}

@book{book:usabilitynielsen,
	title =     {Usability Engineering},
	author =    {Jakob Nielsen},
	publisher = {Morgan Kaufmann},
	isbn =      {9780125184069},
	year =      {1993},
	series =    {},
	edition =   {1st}
}

@book{book:handbookOfAR,
	title =     {Handbook of Augmented Reality},
	author =    {Julie Carmigniani, Borko Furht (auth.), Borko Furht (eds.)},
	publisher = {Springer-Verlag New York},
	isbn =      {1461400635,9781461400639},
	year =      {2011},
	edition =   {1}
}

@online{web:Karma,
	author = {Feiner / MacIntyre / and Seligmann},
	title = {Project Website},
	date = {1993},
	url = {http://monet.cs.columbia.edu/projects/karma/karma.html},
	note = {[Accessed: 10.01.2017 10:31]}
}

@online{web:kukaSell,
	author = {Anonymous},
	title = {Project Website},
	publisher = {Süddeutsche Zeitung},
	date = {2016},
	url = {http://www.sueddeutsche.de/wirtschaft/roboterbauer-aus-augsburg-chinesische-investoren-kaufen-mehrheit-an-roboterbauer-kuka-1.3062929},
	note = {[Accessed: 16.02.2017 09:02]}
}

@online{web:ev3,
	author = {Anonymous},
	title = {31313 Mindstorms EV3},
	publisher = {Lego},
	date = {o.J.},
	url = {https://www.lego.com/de-de/mindstorms/products/mindstorms-ev3-31313},
	note = {[Accessed: 21.02.2017 19:04]}
}

@online{web:MonoBrick,
	author = {Soborg, Jeppesen},
	title = {MonoBrick EV3 Firmware},
	publisher = {MonoBrick.DK},
	date = {o.J.},
	url = {http://www.monobrick.dk/software/ev3firmware/},
	note = {[Accessed: 21.02.2017 15:52]}
}

@book{book:handbookOfAgil,
	title =     {Requirements-Engineering und -Management: Aus der Praxis von klassisch bis agil},
	author =    {Chris Rupp},
	publisher = {Carl Hanser Verlag GmbH Co KG},
	isbn =      {9783446443136},
	year =      {2014}
}

@online{web:HCI,
	author = {Ilse Schmiedecke},
	title = {Vorlesungsskript HCI},
	date = {2016},
	url = {http://www.schmiedecke.info/HCI/Folien/HCI-17-Zusammenfassung.pdf},
	note = {[Accessed: 07.01.2017 08:34]}
}

@article{DBLP:journals/corr/XiongDHSSSYZ16a,
	author    = {Wayne Xiong and
	Jasha Droppo and
	Xuedong Huang and
	Frank Seide and
	Mike Seltzer and
	Andreas Stolcke and
	Dong Yu and
	Geoffrey Zweig},
	title     = {Achieving Human Parity in Conversational Speech Recognition},
	journal   = {CoRR},
	volume    = {abs/1610.05256},
	year      = {2016},
	url       = {http://arxiv.org/abs/1610.05256},
	timestamp = {Mon, 30 Jan 2017 17:37:06 +0100},
	biburl    = {http://dblp.uni-trier.de/rec/bib/journals/corr/XiongDHSSSYZ16a},
	bibsource = {dblp computer science bibliography, http://dblp.org}
}


@article{gobet2001chunking,
	title={Chunking mechanisms in human learning},
	author={Gobet, Fernand and Lane, Peter CR and Croker, Steve and Cheng, Peter CH and Jones, Gary and Oliver, Iain and Pine, Julian M},
	journal={Trends in cognitive sciences},
	volume={5},
	number={6},
	pages={236--243},
	year={2001},
	publisher={Elsevier}
}


@book{DBLP:reference/robo/2008,
	editor    = {Bruno Siciliano and
	Oussama Khatib},
	title     = {Springer Handbook of Robotics},
	publisher = {Springer},
	year      = {2008},
	isbn      = {978-3-540-23957-4},
	timestamp = {Thu, 18 Sep 2008 12:57:07 +0200},
	biburl    = {http://dblp2.uni-trier.de/rec/bib/reference/robo/2008},
	bibsource = {dblp computer science bibliography, http://dblp.org}
}

@article{assefil,
	title={(Die neue) DIN EN ISO 9241-110 („Grundsätze der Dialoggestaltung“)},
	author={Thomas Gleis},
	journal={Förderverein Usability-Netzwerk Bonn/Rhein-Sieg e.V mit Fraunhofer FIT},
	year={2007},
	publisher={Förderverein Usability-Netzwerk Bonn/Rhein-Sieg e.V.},
	url={http://www.fit-fuer-usability.de/archiv/die-neue-din-en-iso-9241-110-grundsaetze-der-dialoggestaltung/}
}

@misc{DINISO9241-110,
	added-at = {2008-10-23T15:49:48.000+0200},
	author = {?},
	biburl = {http://www.bibsonomy.org/bibtex/203bf1a2bbb037ca3387a47781ee5d9b3/joergh},
	interhash = {e31d75d8a23b55fd841d00a703c33559},
	intrahash = {03bf1a2bbb037ca3387a47781ee5d9b3},
	keywords = {110 9241 DIN EN Ergonomie ISO},
	month = {09},
	number = {DIN EN ISO 9241-110},
	timestamp = {2008-10-23T15:49:48.000+0200},
	title = {Ergonomie der Mensch-System-Interaktion - Teil 110: Grundsätze der Dialoggestaltung (ISO 9241-110:2006);
	DeutscheFassung EN ISO 9241-110:2006},
	type = {Norm},
	year = 2008
}

@online{userStories,
	author = {Don Wells},
	title = {Extreme Programming - User Stories},
	year = {1999},
	url={http://www.extremeprogramming.org/rules/userstories.html},
	note = {[Accessed: 04.01.2017 12:38]}
}

@online{gestureFrustum,
	author = {Microsoft},
	url={https://support.microsoft.com/en-us/help/12644/hololens-use-gestures}
}

@online{billy,
	author = {Vimeo},
	url={http://i.vimeocdn.com/video/547137267_1280x720.jpg}
}

@online{i40Verlauf,
	author={Xinfo},
	url={http://xinfo.xinfogmbh.netdna-cdn.com/sites/default/files/Industrie-4.0-Definition-Stufen-Revolution-01.png}
}

@online{hochlohnstandort,
	author={europa.eu},
	url={http://ec.europa.eu/eurostat/statistics-explained/images/c/cf/Estimated_hourly_labour_costs%2C_2015_%28%C2%B9%29_%28EUR%29_YB16-de.png}
}

@online{demographischerWandel,
	author={bpb},
	url={http://www.bpb.de/system/files/datei/SOZ_01_04_Grafiken.zip}
}

@online{ford,
	author={Bayrischer Rundfunk},
	url={http://www.br.de/themen/wissen/henry-ford-automobile-110~_v-img__16__9__xl_-d31c35f8186ebeb80b0cd843a7c267a0e0c81647.jpg?version=998de}
}

@online{wheatstone,
	author={kingscollections},
	url={http://www.kingscollections.org/media/exh_spc/images/006850/D01_Stereocope.jpg}
}

@online{karma,
	author={columbia},
	url={http://www.augmentedrealityvisor.com/images/ar-karma.jpg}
}

@online{sensorama,
	author={mortonheilig},
	url={http://www.mortonheilig.com/sensorama-1.jpg}
}

@online{swordOfDamocles,
	author={augmentedreality},
	url={http://de.augmentedreality.wikia.com/wiki/Datei:Sword_of_damocles.jpg}
}

@online{pratt,
	author={pratt},
	url={http://patentimages.storage.googleapis.com/pages/US1183492-0.png}
}

@online{holoLens,
	author={Microsoft},
	url={https://1.f.ix.de/scale/geometry/695/q75/imgs/18/1/7/3/6/1/7/9/908a2bb5-1509-47e8-ac9f-f48f719846be-edb717f1bd3f6c1c.png}
}

@online{brewster,
	author={Wikimedia},
	url={https://commons.wikimedia.org/w/index.php?curid=48038451}
}

@online{continuum,
	author={researchgate},
	url={https://www.researchgate.net/profile/Mark_Billinghurst/publication/29487174/figure/fig1/AS:309967967014938@1450913530882/Figure-2-Milgram's-Reality-Virtuality-Continuum.png}
}

@online{devol,
	author={Devol},
	url={http://cyberneticzoo.com/wp-content/uploads/Devol-patent-1954.PNG}
}

@online{ev3,
	author={Lego},
	url={https://sh-s7-live-s.legocdn.com/is/image/LEGO/45500_alt1?id=fb7Qx3&fmt=jpg&fit=constrain,1&wid=568&hei=426&qlt=80,1&op_sharpen=0&resMode=sharp2&op_usm=1,1,6,0&iccEmbed=0&printRes=72}
}

@online{epipolargeometrie,
	author={Wikipedia},
	url={https://de.wikipedia.org/wiki/Epipolargeometrie#/media/File:Epipolargeometrie3.svg}
}

@online{eyeToy,
	author={PlayStation},
	url={https://psmedia.playstation.com/is/image/psmedia/eyetoyplay3_sc004?$MediaCarousel_SmallImage$}
}

@online{hype,
	author={Gartner},
	url={http://na2.www.gartner.com/imagesrv/newsroom/images/emerging-tech-hc-2016.png;wa59f7b006c484099e}
}

@online{automata,
	author={Wikipedia},
	url={https://commons.wikimedia.org/wiki/File:Hero_of_Alexandria,_Automata,_Venice,_Gr._516.jpg}
}
@online{musikerin,
	author={history-computer},
	url={http://history-computer.com/Dreamers/images/Jaquet-Droz_Musician.jpg}
}

@online{zeichner,
	author={Wikipedia},
	url={https://commons.wikimedia.org/w/index.php?curid=481573 Zeichner}
}

@online{zeichnung,
	author={Wikipedia},
	url={https://commons.wikimedia.org/w/index.php?curid=481534 Zeichnung}
}

@online{schreiber,
	author={Wikipedia},
	url={https://commons.wikimedia.org/w/index.php?curid=481571 Schreiber}
}

@online{text,
	author={Galerie Merveilles},
	url={http://galeriedesmerveilles.jaquet-droz.com/sites/musee/files/styles/large_desktop/public/D_WRITER-MESSAGE.jpg}
}


@online{daimlerRoboter,
	author={Genius - Daimler},
	url={https://www.genius-community.com/wp-content/uploads/2016/05/Roboter_Werk.jpg}
}

@online{unityMulti,
	author={Unity},
	url={https://unity3d.com/de/unity/multiplatform}
}

@online{holoLensSensor,
	author={Microsoft},
	url={https://az835927.vo.msecnd.net/sites/holographic/resources/images/Sensor_bar.jpg}
}
@Comment{jabref-meta: databaseType:biblatex;}